@misc{research.ke,

   title = {贝壳研究院：20重点城市楼龄20年以上老旧小区占比近四成 京沪旧改空间最大},

   howpublished = {\url{https://research.ke.com/121/ArticleDetail?id=274}},

   author = {魏艳霞},
   
   year = {2020}
}